<record><leader>00000cas a22000007a 4500</leader><controlfield tag="001">14786095</controlfield><controlfield tag="008">861120d18751885mouwr ne      0    0eng d</controlfield><datafield ind1=" " ind2=" " tag="010"><subfield code="a">sn 86053914 </subfield></datafield><datafield ind1=" " ind2=" " tag="040"><subfield code="a">NPX</subfield><subfield code="b">eng</subfield><subfield code="c">NPX</subfield><subfield code="d">MQN</subfield><subfield code="d">OCLCQ</subfield><subfield code="d">OCLCF</subfield><subfield code="d">OCLCO</subfield></datafield><datafield ind1="1" ind2=" " tag="029"><subfield code="a">AU@</subfield><subfield code="b">000025797182</subfield></datafield><datafield ind1=" " ind2=" " tag="042"><subfield code="a">msc</subfield></datafield><datafield ind1=" " ind2=" " tag="043"><subfield code="a">n-us-mo</subfield></datafield><datafield ind1="0" ind2="0" tag="245"><subfield code="a">Weekly Breckenridge bulletin.</subfield></datafield><datafield ind1="1" ind2="3" tag="246"><subfield code="a">Breckenridge bulletin</subfield></datafield><datafield ind1=" " ind2=" " tag="260"><subfield code="a">City of Breckenridge, Mo. :</subfield><subfield code="b">J.E. Hitt,</subfield><subfield code="c">1875-1885.</subfield></datafield><datafield ind1=" " ind2=" " tag="300"><subfield code="a">v. ;</subfield><subfield code="c">60 cm.</subfield></datafield><datafield ind1=" " ind2=" " tag="310"><subfield code="a">Weekly</subfield></datafield><datafield ind1="1" ind2=" " tag="362"><subfield code="a">Began Nov. 5, 1875.</subfield></datafield><datafield ind1="0" ind2=" " tag="362"><subfield code="a">-v. 10, no. 30 (May 7, 1885).</subfield></datafield><datafield ind1=" " ind2=" " tag="588"><subfield code="a">Description based on: Vol. 1, no. 6 (Dec. 10, 1875).</subfield></datafield><datafield ind1=" " ind2="0" tag="651"><subfield code="a">Breckenridge (Mo.)</subfield><subfield code="v">Newspapers.</subfield></datafield><datafield ind1=" " ind2="7" tag="655"><subfield code="a">Newspapers.</subfield><subfield code="2">fast</subfield><subfield code="0">(OCoLC)fst01423814</subfield></datafield><datafield ind1=" " ind2="7" tag="651"><subfield code="a">Missouri</subfield><subfield code="z">Breckenridge.</subfield><subfield code="2">fast</subfield><subfield code="0">(OCoLC)fst01297769</subfield></datafield><datafield ind1=" " ind2=" " tag="752"><subfield code="a">United States</subfield><subfield code="b">Missouri</subfield><subfield code="c">Caldwell</subfield><subfield code="d">Breckenridge.</subfield></datafield><datafield ind1="0" ind2="0" tag="785"><subfield code="t">Breckenridge bulletin</subfield><subfield code="w">(DLC)sn 88084103</subfield></datafield></record>